<?xml version="1.0" encoding="UTF-8"?><collection xmlns="http://www.loc.gov/MARC21/slim"><record><leader>00373nam--2200121-i-4500</leader><controlfield tag="001">000012906</controlfield><controlfield tag="002">20161230</controlfield><controlfield tag="005">20161230201030</controlfield><controlfield tag="008">060222s1000------------r-----000-0-eng-d</controlfield><datafield ind1=" " ind2=" " tag="245"><subfield code="a">Developments in geotechnical engineering vol.15: seismic risk and engineering decisions</subfield></datafield><datafield ind1=" " ind2=" " tag="260"><subfield code="a">Amsterdam, Elsevier Sci.Publ., 1976</subfield></datafield><datafield ind1=" " ind2=" " tag="700"><subfield code="a">Lomnitz, C.And Rosenblueth, E</subfield></datafield><datafield ind1=" " ind2=" " tag="852"><subfield code="a">45424</subfield></datafield></record></collection>